@article{RevModPhys.84.671,
	title = {Theoretical aspects of massive gravity},
	author = {Hinterbichler, Kurt},
	journal = {Rev. Mod. Phys.},
	volume = {84},
	issue = {2},
	pages = {671--710},
	numpages = {0},
	year = {2012},
	month = {May},
	publisher = {American Physical Society},
	doi = {10.1103/RevModPhys.84.671},
	url = {https://link.aps.org/doi/10.1103/RevModPhys.84.671}
}
